@misc{hp_memristor_future,
	author = {Hewlett-Packard}, 
	TITLE = {The Machine: The future of technology},
	YEAR = {2014}
}

@book{Flach:2012:MLA:2490546,
 author = {Flach, Peter},
 title = {Machine Learning: The Art and Science of Algorithms That Make Sense of Data},
 year = {2012},
 isbn = {1107422221, 9781107422223},
 publisher = {Cambridge University Press},
 address = {New York, NY, USA},
} 

@misc{idc,
	author={IDC},
	publisher={IDC},
	title={The Digital Universe of Opportunities: Rich Data and the Increasing Value of the Internet of Things},
	howpublished={\url{http://germany.emc.com/leadership/digital-universe/2014iview/executive-summary.htm}},
	year={2014}
}

@inproceedings{Didona:2015:EPP:2668930.2688047,
	author = {Didona, Diego and Quaglia, Francesco and Romano, Paolo and Torre, Ennio},
	title = {Enhancing Performance Prediction Robustness by Combining Analytical Modeling and Machine Learning},
	booktitle = {Proceedings of the 6th ACM/SPEC International Conference on Performance Engineering},
	series = {ICPE '15},
	year = {2015},
	isbn = {978-1-4503-3248-4},
	location = {Austin, Texas, USA},
	pages = {145--156},
	numpages = {12},
	url = {http://doi.acm.org/10.1145/2668930.2688047},
	doi = {10.1145/2668930.2688047},
	acmid = {2688047},
	publisher = {ACM},
	address = {New York, NY, USA},
	keywords = {analytical modeling, gray box modeling, machine learning},
} 
